@article{cryptoEthics2016,
  author = {Dierksmeier, Claus and Seele, Peter},
  year = {2016},
  month = {08},
  pages = {},
  title = {{Cryptocurrencies and Business Ethics}},
  booktitle = {Journal of Business Ethics}
}

@article{internetTrust2004,
  title = {{Trust among Internet Traders: A Behavioral Economics Approach}},
  author = {Bolton, Gary and Katok, Elena and Ockenfels, Axel},
  year = {2004},
  journal = {Analyse \& Kritik},
  volume = {26},
  number = {1},
  pages = {185--202},
  url = {https://doi.org/10.1515/auk-2004-0110},
}

@article{accountability2014,
  publisher = {Edinburgh University Press},
  number = {1},
  author = {Karen Frost{-}Arnold},
  year = {2014},
  title = {{Trustworthiness and Truth: The Epistemic Pitfalls of Internet Accountability}},
  volume = {11},
  pages = {63--81},
  journal = {Episteme}
}

@inproceedings{silkroad2013,
  author = {Christin, Nicolas},
  title = {{Traveling the Silk Road: A Measurement Analysis of a Large Anonymous Online Marketplace}},
  booktitle = {Proceedings of the 22Nd International Conference on World Wide Web},
  series = {WWW '13},
  year = {2013},
  isbn = {978-1-4503-2035-1},
  location = {Rio de Janeiro, Brazil},
  pages = {213--224},
  numpages = {12},
  url = {http://doi.acm.org/10.1145/2488388.2488408},
  doi = {10.1145/2488388.2488408},
  acmid = {2488408},
  publisher = {ACM},
  address = {New York, NY, USA},
  keywords = {anonymity, electronic commerce, online crime},
} 

@book{stakeholder,
  author = {Freeman, R},
  year = {1984},
  title = {{Strategic management: A Stakeholder Approach}}
}

@article{shareholder,
  author = {Friedman, M},
  year = {1970},
  journal = {The New York Times Magazine},
  publisher = {The New York Times Magazine},
  title = {{The Social Responsibility of Business is to Increase its Profits}}
}